<?xml version="1.0" encoding="UTF-8"?><collection xmlns="http://www.loc.gov/MARC21/slim"><record><leader>00327nam--2200121-i-4500</leader><controlfield tag="001">000004046</controlfield><controlfield tag="002">20161230</controlfield><controlfield tag="005">20161230201025</controlfield><controlfield tag="008">060222s1000------------r-----000-0-eng-d</controlfield><datafield ind1=" " ind2=" " tag="245"><subfield code="a">Catalysis. hydrocarbon synthesis, hydrogenation and cycli zation</subfield></datafield><datafield ind1=" " ind2=" " tag="260"><subfield code="a">New York, Reinhold, 1956-1957</subfield></datafield><datafield ind1=" " ind2=" " tag="700"><subfield code="a">Emmett, Paul</subfield></datafield><datafield ind1=" " ind2=" " tag="852"><subfield code="a">12356</subfield></datafield></record></collection>